<?xml version="1.0" encoding="UTF-8"?><collection xmlns="http://www.loc.gov/MARC21/slim"><record><leader>00472nam--2200145-i-4500</leader><controlfield tag="001">000017282</controlfield><controlfield tag="002">20161230</controlfield><controlfield tag="005">20161230201032</controlfield><controlfield tag="008">060222s1000------------r-----000-0-eng-d</controlfield><datafield ind1=" " ind2=" " tag="080"><subfield code="a">341.217(4):614</subfield></datafield><datafield ind1=" " ind2=" " tag="100"><subfield code="a">L.M.Thienpont /S.A.</subfield></datafield><datafield ind1=" " ind2=" " tag="245"><subfield code="a">The additional certification of magnesiun (ii) and lithium (i) in the lyophilized serum materials. crm 3o3 and crm 304</subfield></datafield><datafield ind1=" " ind2=" " tag="260"><subfield code="a">Brussels, Commission Of The European Comuni- Ties, 1992 32 P</subfield></datafield><datafield ind1=" " ind2=" " tag="490"><subfield code="a">14186</subfield></datafield><datafield ind1=" " ind2=" " tag="852"><subfield code="a">80183</subfield></datafield></record></collection>